
  <record>
    <leader>01000aam  22002601a 4500</leader>
    <controlfield tag="001">YPZ6109</controlfield>
    <controlfield tag="003">YPZ</controlfield>
    <controlfield tag="005">200605231348480</controlfield>
    <controlfield tag="008">060523|###########||||||b||||||||||spa|d</controlfield>
    <datafield tag="020" ind1=" " ind2=" ">
      <subfield code="a">9875211788</subfield>
    </datafield>
    <datafield tag="040" ind1=" " ind2=" ">
      <subfield code="c">SIUNPA</subfield>
    </datafield>
    <datafield tag="041" ind1=" " ind2=" ">
      <subfield code="a">spa</subfield>
    </datafield>
    <datafield tag="044" ind1=" " ind2=" ">
      <subfield code="a">AR</subfield>
    </datafield>
    <datafield tag="080" ind1=" " ind2=" ">
      <subfield code="a">630*2 C257c</subfield>
    </datafield>
    <datafield tag="100" ind1=" " ind2=" ">
      <subfield code="a">Carabelli, Esteban.</subfield>
    </datafield>
    <datafield tag="700" ind1=" " ind2=" ">
      <subfield code="a">Peri, Pablo Luis.</subfield>
    </datafield>
    <datafield tag="245" ind1=" " ind2=" ">
      <subfield code="a">Criterios e indicadores de sustentabilidad (C &amp; I) para el manejo sustentable de los bosques nativos de Tierra del Fuego, Argentina</subfield>
      <subfield code="b"/>
    </datafield>
    <datafield tag="260" ind1=" " ind2=" ">
      <subfield code="a">Río Gallegos</subfield>
      <subfield code="b"> : Estación Experimental Agropecuaria Santa Cruz, INTA</subfield>
      <subfield code="c"> , 2005</subfield>
    </datafield>
    <datafield tag="650" ind1=" " ind2=" ">
      <subfield code="a"> RECURSOS FORESTALES</subfield>
    </datafield>
    <datafield tag="650" ind1=" " ind2=" ">
      <subfield code="a"> BOSQUES</subfield>
    </datafield>
    <datafield tag="650" ind1=" " ind2=" ">
      <subfield code="a"> TIERRA DEL FUEGO (ARGENTINA)</subfield>
    </datafield>
    <datafield tag="942" ind1=" " ind2=" ">
      <subfield code="c">BK</subfield>
    </datafield>
    <datafield tag="952" ind1=" " ind2=" ">
      <subfield code="a">BIB_RECT</subfield>
      <subfield code="b">BIB_UASJ</subfield>
      <subfield code="d">2006-05-15</subfield>
      <subfield code="y">BK</subfield>
      <subfield code="p">04-30379</subfield>
      <subfield code="i">04-30379</subfield>
      <subfield code="g">28</subfield>
      <subfield code="o">630*2 C257c</subfield>
      <subfield code="e">Donación INTA</subfield>
      <subfield code="8">CG</subfield>
    </datafield>
    <datafield tag="952" ind1=" " ind2=" ">
      <subfield code="a">BIB_RECT</subfield>
      <subfield code="b">BIB_UARG</subfield>
      <subfield code="d">2006-10-17</subfield>
      <subfield code="y">BK</subfield>
      <subfield code="p">05-31011</subfield>
      <subfield code="i">05-31011</subfield>
      <subfield code="g">23</subfield>
      <subfield code="o">630*2 C257c</subfield>
      <subfield code="e">Donación</subfield>
      <subfield code="8">CG</subfield>
    </datafield>
    <datafield tag="952" ind1=" " ind2=" ">
      <subfield code="a">BIB_RECT</subfield>
      <subfield code="b">BIB_UARG</subfield>
      <subfield code="d">2009-04-30</subfield>
      <subfield code="y">BK</subfield>
      <subfield code="p">05-37668</subfield>
      <subfield code="i">05-37668</subfield>
      <subfield code="g">20</subfield>
      <subfield code="o">630*2 C257c</subfield>
      <subfield code="e">Donación Peri, Pablo/09</subfield>
      <subfield code="8">CG</subfield>
    </datafield>
    <datafield tag="952" ind1=" " ind2=" ">
      <subfield code="a">BIB_RECT</subfield>
      <subfield code="b">BIB_UARG</subfield>
      <subfield code="d">2009-04-30</subfield>
      <subfield code="y">BK</subfield>
      <subfield code="p">05-37669</subfield>
      <subfield code="i">05-37669</subfield>
      <subfield code="g">20</subfield>
      <subfield code="o">630*2 C257c</subfield>
      <subfield code="e">Donación Peri, Pablo/09</subfield>
      <subfield code="8">CG</subfield>
    </datafield>
    <datafield tag="952" ind1=" " ind2=" ">
      <subfield code="a">BIB_RECT</subfield>
      <subfield code="b">BIB_UARG</subfield>
      <subfield code="d">2011-06-01</subfield>
      <subfield code="y">BK</subfield>
      <subfield code="p">05-40935</subfield>
      <subfield code="i">05-40935</subfield>
      <subfield code="g">25</subfield>
      <subfield code="o">630*2 C257c</subfield>
      <subfield code="e">Donación prof. Vázquez, Mirian/11</subfield>
      <subfield code="8">CG</subfield>
    </datafield>
  </record>