
  <record>
    <leader>01000aam  22002601a 4500</leader>
    <controlfield tag="001">YPZ89712</controlfield>
    <controlfield tag="003">YPZ</controlfield>
    <controlfield tag="005">200809111229580</controlfield>
    <controlfield tag="008">080911|###########||||||b||||||||||spa|d</controlfield>
    <datafield tag="040" ind1=" " ind2=" ">
      <subfield code="c">SIUNPA</subfield>
    </datafield>
    <datafield tag="041" ind1=" " ind2=" ">
      <subfield code="a">spa</subfield>
    </datafield>
    <datafield tag="044" ind1=" " ind2=" ">
      <subfield code="a">AR</subfield>
    </datafield>
    <datafield tag="080" ind1=" " ind2=" ">
      <subfield code="a">78.038 T438j</subfield>
    </datafield>
    <datafield tag="100" ind1=" " ind2=" ">
      <subfield code="a">Thiers, Walter.</subfield>
    </datafield>
    <datafield tag="245" ind1=" " ind2=" ">
      <subfield code="a">Jazz &amp; rock</subfield>
      <subfield code="b"> : introducción 1940-1977</subfield>
    </datafield>
    <datafield tag="250" ind1=" " ind2=" ">
      <subfield code="a">1a ed.</subfield>
    </datafield>
    <datafield tag="260" ind1=" " ind2=" ">
      <subfield code="a">Buenos Aires</subfield>
      <subfield code="b"> : Marymar</subfield>
      <subfield code="c"> , 1978</subfield>
    </datafield>
    <datafield tag="440" ind1=" " ind2=" ">
      <subfield code="a">Pequeño ingeniero</subfield>
      <subfield code="a">Pequeño ingeniero</subfield>
      <subfield code="a">Pequeño ingeniero</subfield>
      <subfield code="a">Pequeño ingeniero</subfield>
      <subfield code="a">Pequeño ingeniero</subfield>
      <subfield code="a">Pequeño ingeniero</subfield>
      <subfield code="a">Yourdon press computing series</subfield>
      <subfield code="a">A brain-friendly study guide</subfield>
      <subfield code="a">The Morgan Kaufmann series in data management systems</subfield>
      <subfield code="a">Colección música / Marymar</subfield>
      <subfield code="v">1</subfield>
    </datafield>
    <datafield tag="490" ind1=" " ind2=" ">
      <subfield code="a">Pequeño ingeniero</subfield>
      <subfield code="a">Pequeño ingeniero</subfield>
      <subfield code="a">Pequeño ingeniero</subfield>
      <subfield code="a">Pequeño ingeniero</subfield>
      <subfield code="a">Pequeño ingeniero</subfield>
      <subfield code="a">Pequeño ingeniero</subfield>
      <subfield code="a">Yourdon press computing series</subfield>
      <subfield code="a">A brain-friendly study guide</subfield>
      <subfield code="a">The Morgan Kaufmann series in data management systems</subfield>
      <subfield code="a">Colección música / Marymar</subfield>
      <subfield code="v">1</subfield>
    </datafield>
    <datafield tag="650" ind1=" " ind2=" ">
      <subfield code="a"> JAZZ</subfield>
    </datafield>
    <datafield tag="650" ind1=" " ind2=" ">
      <subfield code="a"> ROCK</subfield>
    </datafield>
    <datafield tag="650" ind1=" " ind2=" ">
      <subfield code="a"> HISTORIA DE LA MUSICA</subfield>
    </datafield>
    <datafield tag="942" ind1=" " ind2=" ">
      <subfield code="c">BK</subfield>
    </datafield>
    <datafield tag="952" ind1=" " ind2=" ">
      <subfield code="a">BIB_RECT</subfield>
      <subfield code="b">BIB_UACO</subfield>
      <subfield code="d">2008-09-11</subfield>
      <subfield code="y">BK</subfield>
      <subfield code="p">02-00071</subfield>
      <subfield code="i">02-00071</subfield>
      <subfield code="g">29</subfield>
      <subfield code="o">78.038 T438j</subfield>
      <subfield code="e">Desconocido</subfield>
      <subfield code="8">CG</subfield>
    </datafield>
    <datafield tag="952" ind1=" " ind2=" ">
      <subfield code="a">BIB_RECT</subfield>
      <subfield code="b">BIB_UARG</subfield>
      <subfield code="d">2008-09-11</subfield>
      <subfield code="y">BK</subfield>
      <subfield code="p">05-06834</subfield>
      <subfield code="i">05-06834</subfield>
      <subfield code="g">29</subfield>
      <subfield code="o">78.038 T438j</subfield>
      <subfield code="e">90</subfield>
      <subfield code="8">CG</subfield>
    </datafield>
  </record>